<?xml version="1.0" encoding="UTF-8"?><collection xmlns="http://www.loc.gov/MARC21/slim"><record><leader>00522nam--2200169-i-4500</leader><controlfield tag="001">000047379</controlfield><controlfield tag="002">20161230</controlfield><controlfield tag="005">20161230201046</controlfield><controlfield tag="008">060222s1000------------r-----000-0-ger-d</controlfield><datafield ind1=" " ind2=" " tag="041"><subfield code="a">ger</subfield></datafield><datafield ind1=" " ind2=" " tag="080"><subfield code="a">533(043)</subfield></datafield><datafield ind1="1" ind2=" " tag="100"><subfield code="a">Wiese, Norbert</subfield></datafield><datafield ind1="1" ind2="0" tag="245"><subfield code="a">DAS VERHALTEN VON FESTSTOFFSCHUTTUNGEN BEI SCHLAGARTIGEN DRUCKLANDERUNGEN IN DER UMGEBENDEN GASPHASE. Dissertation</subfield></datafield><datafield ind1=" " ind2=" " tag="260"><subfield code="a">Braunschweig, Fakultat Fur Maschinenbau Und Elektronik, 1990</subfield></datafield><datafield ind1=" " ind2=" " tag="300"><subfield code="a">126 P</subfield></datafield><datafield ind1=" " ind2=" " tag="852"><subfield code="a">79475</subfield><subfield code="c">533.7</subfield></datafield><datafield ind1=" " ind2=" " tag="CAT"><subfield code="a">Sys</subfield><subfield code="c">20100916</subfield><subfield code="h">114620</subfield></datafield></record></collection>